<?xml version="1.0" encoding="UTF-8"?><collection xmlns="http://www.loc.gov/MARC21/slim"><record><leader>00335nam--2200133-i-4500</leader><controlfield tag="001">000010120</controlfield><controlfield tag="002">20161230</controlfield><controlfield tag="005">20161230201028</controlfield><controlfield tag="008">060222s1000------------r-----000-0-eng-d</controlfield><datafield ind1=" " ind2=" " tag="245"><subfield code="a">Reader in research methods for librarianship</subfield></datafield><datafield ind1=" " ind2=" " tag="260"><subfield code="a">Washington, Ncr, 1970</subfield></datafield><datafield ind1=" " ind2=" " tag="490"><subfield code="a">Viii + 361 P</subfield></datafield><datafield ind1=" " ind2=" " tag="700"><subfield code="a">Bundy, Mary Lee /S.A.</subfield></datafield><datafield ind1=" " ind2=" " tag="852"><subfield code="a">025</subfield></datafield></record></collection>